<?xml version="1.0" encoding="UTF-8"?><record xmlns="http://www.loc.gov/MARC21/slim" xmlns:cinclude="http://apache.org/cocoon/include/1.0" xmlns:zs="http://www.loc.gov/zing/srw/">
  <leader>00585cz  a2200145n  4500</leader>
  <controlfield tag="001">n  91073203 </controlfield>
  <controlfield tag="003">DLC</controlfield>
  <controlfield tag="005">19910724085650.8</controlfield>
  <controlfield tag="008">910724n| acannaab|          |a ana |||  </controlfield>
  <datafield tag="010" ind1=" " ind2=" ">
    <subfield code="a">n  91073203 </subfield>
  </datafield>
  <datafield tag="040" ind1=" " ind2=" ">
    <subfield code="a">DLC</subfield>
    <subfield code="c">DLC</subfield>
    <subfield code="d">DLC</subfield>
  </datafield>
  <datafield tag="130" ind1=" " ind2="0">
    <subfield code="a">Nangsư̄phim mǣbān kānrư̄an (Bangkok, Thailand)</subfield>
  </datafield>
  <datafield tag="430" ind1=" " ind2="0">
    <subfield code="a">Mǣbān kānrư̄an (Bangkok, Thailand)</subfield>
  </datafield>
  <datafield tag="430" ind1=" " ind2="0">
    <subfield code="a">Woman and home magazine (Bangkok, Thailand)</subfield>
  </datafield>
  <datafield tag="670" ind1=" " ind2=" ">
    <subfield code="a">Tamrā pradit khō̜ng chamrūai, 1964:</subfield>
    <subfield code="b">t.p. (Mǣbān kānrư̄an (Woman and home magazine [in rom.]); Nangsư̄phim Mǣbān kānrư̄an; Phra Nakhō̜n)</subfield>
  </datafield>
</record>